@article{testCitation,
   author={Arrow, Kenneth J. and Leonid Hurwicz and Hirofumi Uzawa},
   title={Constraint qualifications in maximization problems},
   journal={Naval Research Logistics Quarterly},
   volume={8},
   year=1961,
   pages={175-191}
}

@article{clustEval,
	author={Christian, W. and Röttger, R. and BaumBach, J.},
	title={Comparing the performance of biomedical clustering methods},
	journal={Nature Methods},
	year=2015,
}

@article{extensionAndRobustnessTC,
	author={Wittkop, Tobias and Rahmann, Sven and Röttger, Richard and Böcker, Sebastian and Baumbach, Jan},
	title={Extension and Robustness of Transitivity Clustering for Protein-Protein Interaction Network Analysis},
	journal={Internet Mathematics},
	volume={7:4},
	year={2011}
}

@article{clusteringOverview,
	author={Röttger, Richard},
	title={Clustering of Biological Datasets in the Era of Big Data},
	journal={Integrative Bioinformatics},
	volume={13(1):300},
	year={2016}
}

@article{powerLimits,
	author={Wiwie, Christian and Röttger, Richard},
	title={On the Power and Limits of Sequence Similarity Based Clustering of Proteins into Families},
	journal={Pacific Symposium on Biocomputing},
	year={2017}
}

@article{comprehensiveCAwithTC,
	author={Wittkop, Tobias and Emig, Dorothea and Truss, Anke and Albrecht, Mario and Böcker, Sebastian and Baumbach, Jan},
	title={Comprehensive cluster analysis with Transitivity Clustering},
	journal={Nature Protocols},
	volume={6:3},
	year={2011}
}

@article{brown,
	author={Brown, Shoshana D and Gerlt, John A and Seffernick, Jennifer L and Babbitt, Patricia C},
	title={A gold standard set of mechanistically diverse enzyme superfamilies},
	journal={Genome Biology},
	volume={7:R8},
	year={2006}
}

@article{natureReviewsGenetics,
	author={Metzker, M. L.},
	title={Sequencing technologies - the next genetation},
	journal={Nature reviews genetics},
	volume={11:31},
	year={2010}
}

@article{6powerLimits,
	author={Finn, R. D. and Coggill, P. and Eberhardt, R. Y. and Eddy, S. R. and Mistry, J. and Mitchell, A. L. and Potter, S. C. and Punta, M. and Qureshi, M. and Sangrador-Vegas, A. and et al.},
	title={The Pfam protein families database: towards a more sustainable future},
	journal={Nucleic Acids Research},
	volume={44},
	year={2016}
}

@article{7powerLimits,
	author={Kunin, Victor and Cases, Ildefonso and Enright, Anton J and Lorenzo, Victor de and Ouzounis, Christos A},
	title={Myriads of protein families, and still counting},
	journal={Genome biology},
	volume={4},
	year={2003}
}

@article{15overview,
	author={Xu, R. and Wunsch, D.},
	title={Clustering algorithms in biomedical research: a review},
	journal={IEEE Rev Biomed Eng},
	volume={16(3):645-678},
	year={2005}
}

@article{19overview,
	author={Jain, A. K. and Murty, M. N. and Flynn, P. J.},
	title={Data clustering: a review},
	journal={ACM computing surveys},
	volume={31:3},
	year={1999}
}

@article{22overview,
	author={Guyon, I. and Elisseeff, A.},
	title={An introduction to variable and feature selection},
	journal={Journal of machine learning research},
	volume={3},
	year={2003}
}

@article{26overview,
	author={Jolliffe, I.},
	title={Principal component analysis},
	journal={Wiley Online Library},
	year={2002}
}

@book{33overview,
	author={Guyon, I. and Elisseeff, A.},
	title={Feature extraction},
	year={2006},
	publisher={Springer}
}

@article{34overview,
	author={Thangavel, K. and Visalakshi, N. K.},
	title={Impact of normalization in distributed k-means clustering},
	journal={International Journal of Soft Computing},
	volume={4(4):168-172},
	year={2009}
}

@article{35overview,
	author={Shalabi, L. Al and Shaaban, Z. and Kasasbeh, B.},
	title={Data mining: A preprocessing engine},
	journal={Journal of Computer Science},
	volume={2(9):735-739},
	year={2006}
}

@book{36overview,
	author={Gan, G. and Ma, C. and Wu, J.},
	title={Data clustering, theory, algorithms, and applications},
	volume={20},
	year={2007},
	publisher={Siam}
}

@article{64overview,
	author={Andreopoulos, B. and An, A. and Wang, X. and Schroeder, M.},
	title={A roadmap of clustgering algorithms: finding a match for a biomedical application},
	journal={Briefings in Bioinformatics},
	volume={10(3):297-314},
	year={2009}
}

@article{blast,
	author={Altschul, S. F. and Gish, W. and Miller, W. and Myers, E. W. and Lipman, D. J.},
	title={Basic local alignment search tool},
	journal={Journal of molecular biology},
	volume={215(3):403-410},
	year={1990}
}

@article{onClustTechniques,
	author={Halkidi, Maria and Batistakis, Yannis and Vazirgiannis, Michalis},
	title={On Clustering Validation Techniques},
	journal={Journal of Intelligent Information Systems},
	volume={17:107-145},
	year={2001}
}

@article{partitioningBiologicalDataTC,
	author={Wittkop, Tobias and Emig, Dorothea and Lange, Sita and Rahmann, Sven and Albrecht, Mario and Morris, John H and Böcker Sebastian and Stoye, Jens and Baumbach, Jan},
	title={Partitioning biological data with transitivity clustering},
	journal={Nature methods},
	volume={7},
	year={2010}
}

@article{17overview,
	author={Wiwie, C. and Baumbach, J. and Röttger, R.},
	title={Comparing the performance of biomedical clustering methods},
	journal={Nature methods},
	volume={12(11):1033-1038},
	year={2015}
}

@book{18overview,
	author={Anderberg, M. R.},
	title={CLuster analysis for applications: probability and mathematical statistics: a series of monographs and textbooks},
	volume={19},
	publisher={Academic press},
	year={2014}
}

@book{clusterAnalysis,
	author={Everitt, Brian S. and Landau, Sabine},
	title={Cluster Analysis},
	volume={5th edition},
	publisher={Wiley},
	year={2011}
}

@article{52overview,
	author={Jaccard, P.},
	title={Nouvelles recherches sur la distribution floral},
	journal={Bull. Soc. Vard. Sci. Nat},
	volume={44:223-270},
	year={1908}
}

@article{94overview,
	author={Yeung, K. Y. and Fraley, C. and Murua, A. and Raftery, A. E. and Ruzzo, W. L.},
	title={Model-based clustering and data transformations for gene expression data},
	journal={Bioinformatics},
	volume={17(10):977-987},
	year={2001}
}